@misc{cmake,
   title = {{CMake}},
   URL = {http://www.cmake.org/}
}

@misc{lua,
   title = {{Lua}},
   URL = {http://www.lua.org/}
}


@misc{gnuplot,
   title = {{Gnuplot}},
   URL = {http://www.gnuplot.info/}
}
@misc{gsl,
   title = {{GSL}},
   URL = {http://www.gnu.org/software/gsl/}
}
@misc{fftw,
   title = {{FFTW}},
   URL = {http://www.fftw.org/}
}
@misc{openmpi,
   title = {{OpenMPI}},
   URL = {http://www.open-mpi.org/}
}

@misc{openmp,
   title = {{OpenMP}},
   URL = {http://www.openmp.org/}
}

@misc{gcc,
   title = {{GNU GCC}},
   URL = {https://gcc.gnu.org/}
}

@misc{findlua,
   title = {{CMake FindLua}},
   URL = {http://www.cmake.org/cmake/help/v3.0/module/FindLua.html}
}


@misc{python,
   title = {{Python}},
   URL = {https://www.python.org/}
}



%------------------------------------------------
% Paul refs

@article{signParticle2D,
title={{Semi-Discrete 2{D} {W}igner-Particle Approach}},
author={Nedjalkov, Mihail and Vasileska, Dragica},
year={2008},
journal={Journal of Computational Electronics},
volume={7},
number={3},
pages={222-225},
url = {http://www.iue.tuwien.ac.at/pdf/ib_2008/JB2008_Nedjalkov_2.pdf},
doi = {10.1007/s10825-008-0197-3}
}

@article{JCEL_MPI,
    author = {Ellinghaus, Paul and Weinbub, Josef and Nedjalkov, Mihail and Selberherr, Siegfried and Dimov, Ivan},
    title = {{D}istributed-{M}emory {P}arallelization of the {W}igner {M}onte {C}arlo {M}ethod {U}sing {S}patial {D}omain {D}ecomposition},
    journal = {{J}ournal of {C}omputational {E}lectronics},
    year = {2015},
    volume = {14},
    number = {1},
    pages = {151--162},
    url = {http://www.iue.tuwien.ac.at/pdf/ib_2014/JB2015_Ellinghaus_1.pdf},
    doi = {10.1007/s10825-014-0635-3}
}

@article{JCEL_MPI_2,
year={2015},
issn={1569-8025},
journal={Journal of Computational Electronics},
volume={14},
number={4},
doi={10.1007/s10825-015-0730-0},
title={{Domain Decomposition Strategies for the Two-Dimensional Wigner Monte Carlo Method}},
url={http://www.iue.tuwien.ac.at/pdf/ib_2015/JB2015_weinbub_1.pdf},
author={Weinbub, Josef and Ellinghaus, Paul and Nedjalkov, Mihail},
pages={922-929},
}



@article{Mixi_MCmethod_APL,
   author = "Nedjalkov, M. and Schwaha, P. and Selberherr, S. and Sellier, J. M. and Vasileska, D.",
   title = {{Wigner Quasi-Particle Attributes -- {A}n Asymptotic Perspective}},
   journal = "Applied Physics Letters",
   year = "2013",
   volume = "102",
   number = "16",
   pages = "163113-1-163113-4",
   doi={10.1063/1.4802931},
   url={http://www.iue.tuwien.ac.at/pdf/ib_2012/JB2013_Nedjalkov_1.pdf},
}

%---------------------------------------
% Philip refs

@misc{boost,
   title = {{The Boost C++ Libraries}},
   URL = {http://www.boost.org/}
}

}
@misc{paraview,
   title = {{Paraview}},
   URL = {http://www.paraview.org/}
}
@misc{csvpara,
   title = {{Paraview - CSV Visualization}},
   URL = {http://paraview.org/Wiki/ParaView/Data_formats/}
}

@misc{matlab,
   title = {{MATLAB}},
   URL = {http://www.mathworks.com/products/matlab/}
}


@misc{wiensonline,
   title = {{WIENS}},
   URL = {https://github.com/wiens/wiens/}
}

@article{Wigner_1967,
title = {{Symmetries and Reflections, Scientific Essays}},
author = {Eugene Wigner and Henry Margenau},
publisher = {AAPT},
year = {1967},
journal = {American Journal of Physics},
volume = {35},
number = {12},
pages = {1169-1170}
}
% -----------------------------------------------
@Article{Wigner_1932,
title = {{On the Quantum Correction For Thermodynamic Equilibrium}},
author = {Eugene Wigner},
journal = {Physical Review},
volume = {40},
number = {5},
pages = {749--759},
numpages = {10},
year = {1932},
month = {Jun},
doi = {10.1103/PhysRev.40.749},
publisher = {American Physical Society}
}

@BOOK{Wignerbook,
AUTHOR = {D. Querlioz AND P. Dollfus},
TITLE = {{The Wigner Monte Carlo Method for Nanoelectronic Devices}},
PUBLISHER = {ISTE-Wiley},
YEAR = 2010
}
@incollection{Ferry_1996,
title = {{Modeling of Quantum Transport in Semiconductor Devices}},
editor = {{Henry Ehrenreich and Frans Spaepen}},
publisher = {Academic Press},
year = {1996},
volume = {49},
pages = {283--448},
series = {Solid State Physics},
author = {David K. Ferry and Harold L. Grubin}
}

@article{Heisenberg_1927,
title={{\"Uber den anschaulichen Inhalt der quantentheoretischen Kinematik und Mechanik}},
author={Werner Karl Heisenberg},
journal={Zeitschrift f\"ur Physik},
volume= 43,
number= 3,
year={1927},
pages = {172--198},
}
@Book{Schutz_1980,
author =      {Bernhard Schutz},
title =       {{Geometrical Methods of Mathematical Physics}},
publisher =   {Cambridge University Press},
pages =       {264},
year =        {1980},
ISBN =        {0521232716},
}
% -----------------------------------------------
@Book{Arnold_1989,
author =      {V. I. Arnold},
title =       {{Mathematical Methods of Classical Mechanics}},
publisher =   {Springer},
pages =       {509},
year =        {1989},
ISBN =        {0387968903},
isbn-13 =     {978-0387968902},
}
% -----------------------------------------------
@Book{Fecko_2006,
author =      {Mari\'an Fecko},
title =       {{Differential Geometry and Lie Groups for Physicists}},
publisher =   {Cambridge University Press},
pages =       {714},
year =        {2006},
ISBN =        {0-521-84507-6},
isbn-13 =     {9780521845076},
}
@article {Schwaha_LSSC_2011,
author = {P. Schwaha AND M. Nedjalkov AND S. Selberherr AND I.~Dimov},
title= {{Phonon-Induced Decoherence in Electron Evolution}},
booktitle = {Lecture Notes in Computer Science},
pages = {472--479},
volume = {7116},
year = {2012}
}
% -----------------------------------------------
@inproceedings {Schwaha_borovets_2011,
author = {P. Schwaha AND M. Nedjalkov AND S. Selberherr AND I.~Dimov},
title= {{Monte Carlo Investigations of Electron Decoherence due to Phonons}},
booktitle = {Abstracts of the IMACS Seminar on Monte Carlo Methods (MCM)},
pages = {48},
year = {2011}
}
@article{Kieu_1994,
title = {{Monte Carlo Simulations with Indefinite and Complex-Valued Measures}},
author = {T. D. Kieu and C. J. Griffin},
journal = {Physical Review E},
volume = {49},
pages = {3855--3859},
year = {1994},
}
